@book{Brooks_1975,
  author    = {Frederick P. Brooks},
  title     = {The Mythical Man-Month},
  year      = {1995},
  isbn      = {0201835959},
  publisher = {Addison-Wesley Longman Publishing Co., Inc.}
}

@electronic{Dunkley_2016,
  title     = {Split Stack Development: A Model For Modern Applications},
  url       = {https://medium.com/@Future__Friendly/split-stack-development-a-model-for-modern-applications-d7b9abb47bd5},
  publisher = {Medium},
  author    = {Wayne Dunkley},
  date      = {2016-06-07},
  urldate   = {2020-11-30}
}

@book{Fedorov_etal_1998,
  title     = {Professional Active Server Pages 2.0},
  url       = {https://docs.microsoft.com/en-us/previous-versions/office/developer/server-technologies/aa480455(v=msdn.10)},
  publisher = {Wrox Press},
  author    = {Fedorov, A. and Francis, B. and Harrison, R. and Murphy, S. and Smith, R. and Sussman, D. and Wood, S.},
  year      = {1998},
  urldate   = {2020-11-30}
}

@electronic{Fowler_Microservices_2014,
  title     = {Microservices},
  author    = {Martin Fowler and James Lewis},
  url       = {https://martinfowler.com/articles/microservices.html},
  publisher = {martinfowler.com},
  date      = {2014-03-25},
  urldate   = {2020-11-30}
}
‌
‌@book{Geers_2020,
  author    = {Michael Geers},
  title     = {Micro Frontends In Action},
  publisher = {Manning Publications},
  year      = {2020},
  isbn      = {9781617296871}
}

@electronic{Jackson_2019,
  title     = {Micro Frontends},
  author    = {Cam Jackson},
  url       = {https://martinfowler.com/articles/micro-frontends.html},
  publisher = {martinfowler.com},
  date      = {2019-06-19},
  urldate   = {2020-11-30}
}

@inbook{LarmanVodde_2008,
  author    = {Craig Larman and Bas Vodde},
  title     = {Scaling Lean \& Agile Development: Thinking and Organizational Tools for Large-Scale Scrum},
  year      = {2008},
  isbn      = {0321480961},
  publisher = {Addison-Wesley Professional},
  chapter   = {7},
  pages     = {150-191},
  comment   = {https://res.infoq.com/articles/scaling-lean-agile-feature-teams/en/resources/feature%20teams_%20infoq_%20final.pdf}
}

@electronic{Microsoft_2006,
  title   = {Three-tier Application Model},
  url     = {https://docs.microsoft.com/en-us/previous-versions/office/developer/server-technologies/aa480455(v=msdn.10)},
  author  = {{Microsoft}},
  date    = {2006-09-11},
  urldate = {2020-11-30}
}

‌@electronic{Nguyen_2016,
  title     = {Universal Javascript in Production - Server/Client Rendering},
  url       = {https://caffeinecoding.com/universal-javascript-server-client-rendering/},
  publisher = {Caffeine Coding},
  author    = {Nguyen, Kelvin},
  date      = {2016-08-16},
  urldate   = {2020-11-29}
}

@electronic{Rappl_bitsandpieces_2020,
  title     = {The State of Micro Frontends},
  url       = {https://blog.bitsrc.io/state-of-micro-frontends-9c0c604ed13a},
  author    = {Florian Rappl},
  publisher = {Bits and Pieces},
  date      = {2020-05-21},
  urldate   = {2020-11-30}
}

@electronic{Rappl_dotNETConf_2020,
  title     = {Microfrontends with Blazor: Welcome to the Party!},
  url       = {https://www.youtube.com/watch?v=npff2NjVXEE},
  author    = {Florian Rappl},
  publisher = {{dotNET} and {YouTube}},
  type      = {Video},
  date      = {2020-11-12},
  urldate   = {2020-11-28}
}

@electronic{ThoughtWorks_2020,
  title   = {Micro frontends Technology Radar},
  url     = {https://www.thoughtworks.com/radar/techniques/micro-frontends},
  author  = {{ThoughtWorks}},
  year    = {2020},
  urldate = {2020-11-30}
}

@article{Yuhong_2008,
  author  = {Yin Yuhong},
  date    = {2008-09},
  title   = {Geographically Distributed Development : trends, challenges and best practices},
  url     = {https://dspace.mit.edu/bitstream/handle/1721.1/42373/234383465-MIT.pdf},
  urldate = {2020-12-01}
}

‌